@article{hayot2022sea,
  title   = {Sea: A lightweight data-placement library for Big Data scientific computing},
  author  = {Hayot-Sasson, Val{\'e}rie and Dugr{\'e}, Mathieu and Glatard, Tristan},
  journal = {arXiv preprint arXiv:2207.01737},
  year    = {2022}
}

@article{gorgolewski2016brain,
  title     = {{The brain imaging data structure, a format for organizing and describing outputs of neuroimaging experiments}},
  author    = {Gorgolewski, Krzysztof J and Auer, Tibor and Calhoun, Vince D and Craddock, R Cameron and Das, Samir and Duff, Eugene P and Flandin, Guillaume and Ghosh, Satrajit S and Glatard, Tristan and Halchenko, Yaroslav O and others},
  journal   = {Scientific data},
  volume    = {3},
  number    = {1},
  pages     = {1--9},
  year      = {2016},
  publisher = {Nature Publishing Group}
}

@article{henschel2020fastsurfer,
  title     = {{Fastsurfer-a fast and accurate deep learning based neuroimaging pipeline}},
  author    = {Henschel, Leonie and Conjeti, Sailesh and Estrada, Santiago and Diers, Kersten and Fischl, Bruce and Reuter, Martin},
  journal   = {NeuroImage},
  volume    = {219},
  pages     = {117012},
  year      = {2020},
  publisher = {Elsevier}
}

@article{hoffmann2021synthmorph,
  title     = {{SynthMorph: learning contrast-invariant registration without acquired images}},
  author    = {Hoffmann, Malte and Billot, Benjamin and Greve, Douglas N and Iglesias, Juan Eugenio and Fischl, Bruce and Dalca, Adrian V},
  journal   = {IEEE transactions on medical imaging},
  volume    = {41},
  number    = {3},
  pages     = {543--558},
  year      = {2021},
  publisher = {IEEE}
}

@article{HCP,
  title     = {{The WU-Minn Human Connectome Project: an overview}},
  author    = {Van Essen, David C and Smith, Stephen M and Barch, Deanna M and others},
  journal   = {Neuroimage},
  volume    = {80},
  pages     = {62--79},
  year      = {2013},
  publisher = {Elsevier}
},
@article{ukbiobank,
  title     = {{Multimodal population brain imaging in the UK Biobank prospective epidemiological study}},
  author    = {Miller, Karla L and Alfaro-Almagro, Fidel and Bangerter, Neal K and others},
  journal   = {Nature neuroscience},
  volume    = {19},
  number    = {11},
  pages     = {1523},
  year      = {2016},
  publisher = {Nature Publishing Group}
},

@article{zaharia2016apache,
  title     = {Apache {S}park: a unified engine for big data processing},
  author    = {Zaharia, Matei and Xin, Reynold S and Wendell, Patrick and Das, Tathagata and Armbrust, Michael and Dave, Ankur and Meng, Xiangrui and Rosen, Josh and Venkataraman, Shivaram and Franklin, Michael J and others},
  journal   = {Comm. of the ACM},
  volume    = {59},
  number    = {11},
  pages     = {56--65},
  year      = {2016},
  publisher = {ACM}
}

@inproceedings{rocklin2015dask,
  title        = {{Dask: Parallel computation with blocked algorithms and task scheduling}},
  author       = {Rocklin, Matthew},
  booktitle    = {Proc. of the 14th Python in Science Conference},
  pages        = {130-136},
  year         = {2015},
  organization = {Citeseer}
}

@misc{rokem2021pan,
  title     = {{Pan-neuro: interactive computing at scale with BRAIN datasets}},
  author    = {Rokem, Ariel and Dichter, Ben and Holdgraf, Christopher and Ghosh, Satrajit},
  year      = {2021},
  publisher = {OSF Preprints}
}
@article{thunder,
  title     = {Mapping brain activity at scale with cluster computing},
  author    = {Freeman, Jeremy and Vladimirov, Nikita and Kawashima, Takashi and Mu, Yu and Sofroniew, Nicholas J and Bennett, Davis V and Rosen, Joshua and Yang, Chao-Tsung and Looger, Loren L and Ahrens, Misha B},
  journal   = {Nature methods},
  volume    = {11},
  number    = {9},
  pages     = {941},
  year      = {2014},
  publisher = {Nature Publishing Group}
}

@article{boubela2016big,
  title     = {Big data approaches for the analysis of large-scale fMRI data using {A}pache {S}park and {GPU} processing: a demonstration on resting-state f{MRI} data from the {H}uman {C}onnectome {P}roject},
  author    = {Boubela, Roland N and Kalcher, Klaudius and Huf, Wolfgang and Na{\v{s}}el, Christian and Moser, Ewald},
  journal   = {Frontiers in neuroscience},
  volume    = {9},
  pages     = {492},
  year      = {2016},
  publisher = {Frontiers}
}


@article{nipype,
  author        = {Gorgolewski, Krzysztof and Burns, Christopher and Madison, Cindee and Clark, Dav and Halchenko, Yaroslav and Waskom, Michael and Ghosh, Satrajit},
  date-added    = {2018-10-07 07:21:48 +0900},
  date-modified = {2018-10-08 03:56:16 +0900},
  doi           = {10.3389/fninf.2011.00013},
  issn          = {1662-5196},
  journal       = {Frontiers in Neuroinformatics},
  pages         = {13},
  title         = {{Nipype: A Flexible, Lightweight and Extensible Neuroimaging Data Processing Framework in Python}},
  url           = {https://www.frontiersin.org/article/10.3389/fninf.2011.00013},
  volume        = {5},
  year          = {2011},
  bdsk-url-1    = {https://www.frontiersin.org/article/10.3389/fninf.2011.00013},
  bdsk-url-2    = {https://doi.org/10.3389/fninf.2011.00013},
  bdsk-file-1   = {YnBsaXN0MDDUAQIDBAUGJCVYJHZlcnNpb25YJG9iamVjdHNZJGFyY2hpdmVyVCR0b3ASAAGGoKgHCBMUFRYaIVUkbnVsbNMJCgsMDxJXTlMua2V5c1pOUy5vYmplY3RzViRjbGFzc6INDoACgAOiEBGABIAFgAdccmVsYXRpdmVQYXRoWWFsaWFzRGF0YV8QIC4uLy4uLy4uL0Rvd25sb2Fkcy8yMjI4MzAxLTEuYmli0hcLGBlXTlMuZGF0YU8RAXYAAAAAAXYAAgAADE1hY2ludG9zaCBIRAAAAAAAAAAAAAAAAAAAANUt139IKwAAAAmn9g0yMjI4MzAxLTEuYmliAAAAAAAAAAAAAAAAAAAAAAAAAAAAAAAAAAAAAAAAAAAAAAAAAAAAAAAAAAAAAAAAAAAAw+Ov1+FcIQAAAAAAAAAAAAMAAgAACSAAAAAAAAAAAAAAAAAAAAAJRG93bmxvYWRzAAAQAAgAANUtWO8AAAARAAgAANfg3ZEAAAABAAwACaf2AAmn8wAGaAwAAgAxTWFjaW50b3NoIEhEOlVzZXJzOgB2aHM6AERvd25sb2FkczoAMjIyODMwMS0xLmJpYgAADgAcAA0AMgAyADIAOAAzADAAMQAtADEALgBiAGkAYgAPABoADABNAGEAYwBpAG4AdABvAHMAaAAgAEgARAASACFVc2Vycy92aHMvRG93bmxvYWRzLzIyMjgzMDEtMS5iaWIAABMAAS8AABUAAgAK//8AAIAG0hscHR5aJGNsYXNzbmFtZVgkY2xhc3Nlc11OU011dGFibGVEYXRhox0fIFZOU0RhdGFYTlNPYmplY3TSGxwiI1xOU0RpY3Rpb25hcnmiIiBfEA9OU0tleWVkQXJjaGl2ZXLRJidUcm9vdIABAAgAEQAaACMALQAyADcAQABGAE0AVQBgAGcAagBsAG4AcQBzAHUAdwCEAI4AsQC2AL4COAI6Aj8CSgJTAmECZQJsAnUCegKHAooCnAKfAqQAAAAAAAACAQAAAAAAAAAoAAAAAAAAAAAAAAAAAAACpg==}
}
@article{joblib,
  title   = {{Joblib: running python function as pipeline jobs}},
  author  = {Varoquaux, Ga{\"e}l and Grisel, O},
  journal = {packages. python. org/joblib},
  year    = {2009}
}

@article{halchenko2021datalad,
  title   = {{DataLad: distributed system for joint management of code, data, and their relationship}},
  author  = {Halchenko, Yaroslav O and Meyer, Kyle and Poldrack, Benjamin and Solanky, Debanjum Singh and Wagner, Adina S and Gors, Jason and MacFarlane, Dave and Pustina, Dorian and Sochat, Vanessa and Ghosh, Satrajit S and others},
  journal = {Journal of Open Source Software},
  volume  = {6},
  number  = {63},
  pages   = {3262},
  year    = {2021}
}


@article{wagner2021fairly,
  title     = {{FAIRly big: A framework for computationally reproducible processing of large-scale data}},
  author    = {Wagner, Adina S and Waite, Laura K and Wierzba, Ma{\l}gorzata and Hoffstaedter, Felix and Waite, Alexander Q and Poldrack, Benjamin and Eickhoff, Simon B and Hanke, Michael},
  journal   = {bioRxiv},
  year      = {2021},
  publisher = {Cold Spring Harbor Laboratory}
}

@article{amunts2013bigbrain,
  title     = {{BigBrain}: an ultrahigh-resolution {3D} human brain model},
  author    = {Amunts, Katrin and Lepage, Claude and Borgeat, Louis and Mohlberg, Hartmut and Dickscheid, Timo and Rousseau, Marc-{\'E}tienne and Bludau, Sebastian and Bazin, Pierre-Louis and Lewis, Lindsay B and Oros-Peusquens, Ana-Maria and others},
  journal   = {Science},
  volume    = {340},
  number    = {6139},
  pages     = {1472--1475},
  year      = {2013},
  publisher = {American Association for the Advancement of Science}
}
@inproceedings{huang2020ooops,
  title        = {{OOOPS: an innovative tool for IO workload management on supercomputers}},
  author       = {Huang, Lei and Liu, Si},
  booktitle    = {2020 IEEE 26th International Conference on Parallel and Distributed Systems (ICPADS)},
  pages        = {486--493},
  year         = {2020},
  organization = {IEEE}
}

@article{bb,
  title    = {{Performance characterization of scientific workflows for the optimal use of Burst Buffers}},
  journal  = {Future Generation Computer Systems},
  volume   = {110},
  pages    = {468-480},
  year     = {2020},
  issn     = {0167-739X},
  doi      = {https://doi.org/10.1016/j.future.2017.12.022},
  url      = {https://www.sciencedirect.com/science/article/pii/S0167739X16308287},
  author   = {C.S. Daley and D. Ghoshal and G.K. Lockwood and S. Dosanjh and L. Ramakrishnan and N.J. Wright},
  keywords = {Burst Buffer, DataWarp, Workflow, HPC}
}

@inproceedings{burstfs,
  author    = {Wang, Teng and Mohror, Kathryn and Moody, Adam and Sato, Kento and Yu, Weikuan},
  booktitle = {SC '16: Proceedings of the International Conference for High Performance Computing, Networking, Storage and Analysis},
  title     = {{An Ephemeral Burst-Buffer File System for Scientific Applications}},
  year      = {2016},
  volume    = {},
  number    = {},
  pages     = {807-818},
  doi       = {10.1109/SC.2016.68}
}


@inproceedings{gekkofs,
  author    = {Vef, Marc-André and Moti, Nafiseh and Süß, Tim and Tocci, Tommaso and Nou, Ramon and Miranda, Alberto and Cortes, Toni and Brinkmann, André},
  booktitle = {2018 IEEE International Conference on Cluster Computing (CLUSTER)},
  title     = {{GekkoFS - A Temporary Distributed File System for HPC Applications}},
  year      = {2018},
  volume    = {},
  number    = {},
  pages     = {319-324},
  doi       = {10.1109/CLUSTER.2018.00049}
}


@article{xtreemfs,
  title   = {The {X}treem{FS} {A}rchitecture},
  author  = {Cesario, Eugenio and Cortes, Toni and Focht, Erich and Hess, Matthias and Hupfeld, Felix and Kolbeck, Bj{\"o}rn and Malo, Jes{\'u}s and Mart{\'\i}, Jonathan and Stender, Jan},
  journal = {Linux {T}ag},
  year    = {2007}
}

@misc{ds001545,
  author    = {Aly, M. and Chen, J. and Turk-Browne, N.B. and Hasson, U.},
  title     = {{"Learning Naturalistic Temporal Structure in the Posterior Medial Network"}},
  year      = {2019},
  doi       = {10.18112/openneuro.ds001545.v1.1.1},
  publisher = {OpenNeuro}
}


@article{preventad,
  title    = {Open science datasets from {PREVENT-AD}, a longitudinal cohort of pre-symptomatic Alzheimer’s disease},
  journal  = {NeuroImage: Clinical},
  volume   = {31},
  pages    = {102733},
  year     = {2021},
  issn     = {2213-1582},
  doi      = {https://doi.org/10.1016/j.nicl.2021.102733},
  url      = {https://www.sciencedirect.com/science/article/pii/S2213158221001777},
  author   = {Jennifer Tremblay-Mercier and Cécile Madjar and Samir Das and Alexa {Pichet Binette} and Stephanie O.M. Dyke and Pierre Étienne and Marie-Elyse Lafaille-Magnan and Jordana Remz and Pierre Bellec and D. {Louis Collins} and M. {Natasha Rajah} and Veronique Bohbot and Jeannie-Marie Leoutsakos and Yasser Iturria-Medina and Justin Kat and Richard D. Hoge and Serge Gauthier and Christine L. Tardif and M. {Mallar Chakravarty} and Jean-Baptiste Poline and Pedro Rosa-Neto and Alan C. Evans and Sylvia Villeneuve and Judes Poirier and John C.S. Breitner},
  keywords = {Pre-symptomatic Alzheimer Disease, Biomarkers, Observational cohort, Open Science, Neuroimaging, Cerebrospinal Fluid proteins}
}

@article{fsl,
  title     = {Fsl},
  author    = {Jenkinson, Mark and Beckmann, Christian F and Behrens, Timothy EJ and Woolrich, Mark W and Smith, Stephen M},
  journal   = {Neuroimage},
  volume    = {62},
  number    = {2},
  pages     = {782--790},
  year      = {2012},
  publisher = {Elsevier}
}

@article{cox1996afni,
  title     = {{AFNI: software for analysis and visualization of functional magnetic resonance neuroimages}},
  author    = {Cox, Robert W},
  journal   = {Computers and Biomedical research},
  volume    = {29},
  number    = {3},
  pages     = {162--173},
  year      = {1996},
  publisher = {Elsevier}
}

@article{spm,
  title     = {Statistical parametric mapping},
  author    = {Friston, Karl J},
  journal   = {Neuroscience databases: a practical guide},
  pages     = {237--250},
  year      = {2003},
  publisher = {Springer}
}


@article{haitas2021age,
  title     = {{Age-preserved semantic memory and the CRUNCH effect manifested as differential semantic control networks: An fMRI study}},
  author    = {Haitas, Niobe and Amiri, Mahnoush and Wilson, Maximiliano and Joanette, Yves and Steffener, Jason},
  journal   = {Plos one},
  volume    = {16},
  number    = {6},
  pages     = {e0249948},
  year      = {2021},
  publisher = {Public Library of Science San Francisco, CA USA}
}
